@book{meadows2004limits,
  title={Limits to growth: the 30-year update},
  author={Meadows, Donella and Randers, Jorgen and Meadows, Dennis},
  year={2004},
  publisher={Chelsea Green Publishing}
}
@book{meadows1972rapport,
  title={Rapport van de Club van Rome. De grenzen aan de groei. Met commentaar van de Club van Rome},
  author={Meadows, D},
  year={1972},
  publisher={Utrecht, Het Spectrum}
}
@book{voorbijdegrenzen,
  title={Voorbij de grenzen van de groei},
  author={Eduard Pestel},
  year={1988},
  publisher={Amsterdam, Meulenhoff Informatief, Het Spectrum}
}
@phdthesis{thissen1978investigations,
  title={Investigations into the Club of Rome's World 3 model: lessons for understanding complicated models},
  author={Thissen, Willem Antonius Helena},
  year={1978},
  school={Technische Hogeschool, Eindhoven}
}
@book{meadows1974dynamics,
  title={Dynamics of growth in a finite world},
  author={Meadows, Dennis L and Behrens, William W and Meadows, Donella H and Naill, Roger F and Randers, J{\o}rgen and Zahn, Erich},
  year={1974},
  publisher={Wright-Allen Press Cambridge, MA}
}
@book{mesarovic1974mankind,
  title={Mankind at the turning point: the second report to the Club of Rome},
  author={Mesarovi{\'c}, M.D. and Pestel, E. and Club of Rome},
  isbn={9780525039457},
  series={A Signet book},
  year={1974},
  publisher={Dutton}
}
@article{vermeulen1976parameter,
	title={Parameter sensitivity of the ‘Limits to Growth’world model},
	author={Vermeulen, PJ and De Jongh, DCJ},
	journal={Applied Mathematical Modelling},
	volume={1},
	number={1},
	pages={29--32},
	year={1976},
	publisher={Elsevier}
}
@book{forresterworld,
  title={World Dynamics, Second edition},
  author={Forrester, J.W.},
  year={1973},
  publisher={Wright-Allen Press}
}
